<record><leader>00000cas a22000007a 4500</leader><controlfield tag="001">16619581</controlfield><controlfield tag="008">870831d18811883ohuwr ne      0    0eng d</controlfield><datafield ind1=" " ind2=" " tag="010"><subfield code="a">sn 87076606 </subfield></datafield><datafield ind1=" " ind2=" " tag="040"><subfield code="a">ONP</subfield><subfield code="b">eng</subfield><subfield code="c">ONP</subfield><subfield code="d">OCLCQ</subfield></datafield><datafield ind1=" " ind2=" " tag="042"><subfield code="a">msc</subfield></datafield><datafield ind1="0" ind2="0" tag="245"><subfield code="a">Temperance ballot.</subfield></datafield><datafield ind1=" " ind2=" " tag="260"><subfield code="a">Bucyrus, Ohio :</subfield><subfield code="b">Thomas P. Hopley,</subfield><subfield code="c">-1883.</subfield></datafield><datafield ind1=" " ind2=" " tag="310"><subfield code="a">Weekly</subfield></datafield><datafield ind1="1" ind2=" " tag="362"><subfield code="a">Began with Sept. 12, 1881 issue.</subfield></datafield><datafield ind1="0" ind2=" " tag="362"><subfield code="a">-v. 3, no. 3 (Oct. 25, 1883).</subfield></datafield><datafield ind1=" " ind2=" " tag="588"><subfield code="a">Description based on: Vol. 1, no. 6 (Nov. 10, 1881).</subfield></datafield><datafield ind1=" " ind2=" " tag="752"><subfield code="a">United States</subfield><subfield code="b">Ohio</subfield><subfield code="c">Crawford</subfield><subfield code="d">Bucyrus.</subfield></datafield><datafield ind1="0" ind2="0" tag="785"><subfield code="t">Crawford County news</subfield><subfield code="w">(DLC)sn 87076605</subfield></datafield></record>